<record><leader>00000cas a2200000 a 4500</leader><controlfield tag="001">22848257</controlfield><controlfield tag="008">901213d18831uuuiluwr ne      0   a0eng c</controlfield><datafield ind1=" " ind2=" " tag="010"><subfield code="a">sn 90054732 </subfield></datafield><datafield ind1=" " ind2=" " tag="040"><subfield code="a">NVF</subfield><subfield code="b">eng</subfield><subfield code="c">NVF</subfield><subfield code="d">OCLCQ</subfield><subfield code="d">NVF</subfield><subfield code="d">DLC</subfield><subfield code="d">OCLCF</subfield><subfield code="d">OCLCO</subfield></datafield><datafield ind1="1" ind2=" " tag="029"><subfield code="a">AU@</subfield><subfield code="b">000025863583</subfield></datafield><datafield ind1=" " ind2=" " tag="042"><subfield code="a">pcc</subfield></datafield><datafield ind1=" " ind2=" " tag="043"><subfield code="a">n-us-il</subfield></datafield><datafield ind1="0" ind2=" " tag="130"><subfield code="a">Cyclone (Blue Mound, Ill.)</subfield></datafield><datafield ind1="1" ind2="4" tag="245"><subfield code="a">The cyclone.</subfield></datafield><datafield ind1=" " ind2=" " tag="260"><subfield code="a">Blue Mound, Ill. :</subfield><subfield code="b">John C. Nicholls</subfield></datafield><datafield ind1=" " ind2=" " tag="300"><subfield code="a">v.</subfield></datafield><datafield ind1=" " ind2=" " tag="310"><subfield code="a">Weekly</subfield></datafield><datafield ind1="1" ind2=" " tag="362"><subfield code="a">Began in 1883?</subfield></datafield><datafield ind1=" " ind2=" " tag="588"><subfield code="a">Description based on: Vol. 2, no. 50 (May 30, 1884).</subfield></datafield><datafield ind1=" " ind2=" " tag="588"><subfield code="a">Latest issue consulted: Vol. 2, no. 50 (May 30, 1884).</subfield></datafield><datafield ind1=" " ind2="0" tag="651"><subfield code="a">Blue Mound (Macon County, Ill.)</subfield><subfield code="v">Newspapers.</subfield></datafield><datafield ind1=" " ind2="7" tag="655"><subfield code="a">Newspapers.</subfield><subfield code="2">fast</subfield><subfield code="0">(OCoLC)fst01423814</subfield></datafield><datafield ind1=" " ind2="7" tag="651"><subfield code="a">Illinois</subfield><subfield code="z">Blue Mound (Macon County)</subfield><subfield code="2">fast</subfield><subfield code="0">(OCoLC)fst01329341</subfield></datafield><datafield ind1=" " ind2=" " tag="752"><subfield code="a">United States</subfield><subfield code="b">Illinois</subfield><subfield code="c">Macon</subfield><subfield code="d">Blue Mound.</subfield></datafield><datafield ind1="0" ind2="0" tag="785"><subfield code="t">Blue Mound leader</subfield><subfield code="w">(DLC)sn 90054734</subfield><subfield code="w">(OCoLC)22849282</subfield></datafield></record>